<mx:record xmlns="http://www.w3.org/TR/xhtml1/strict" xmlns:mx="http://www.loc.gov/MARC21/slim" xmlns:xsi="http://www.w3.org/2001/XMLSchema-instance"><mx:leader>00000cz   2200000n  0000</mx:leader><mx:controlfield tag="001">oca03367789 </mx:controlfield><mx:controlfield tag="005">20060912165109.0</mx:controlfield><mx:controlfield tag="008">930505n| acannaab           |a aaa     c</mx:controlfield><mx:datafield ind1=" " ind2=" " tag="010"><mx:subfield code="a">nr 93016745</mx:subfield></mx:datafield><mx:datafield ind1=" " ind2=" " tag="040"><mx:subfield code="a">Uk/ESTC-NA</mx:subfield><mx:subfield code="c">ESTC-NA</mx:subfield><mx:subfield code="d">OCoLC</mx:subfield><mx:subfield code="d">DLC</mx:subfield></mx:datafield><mx:datafield ind1="0" ind2=" " tag="100"><mx:subfield code="a">Cleanthes,</mx:subfield><mx:subfield code="d">331-232 B.C.</mx:subfield></mx:datafield><mx:datafield ind1="0" ind2=" " tag="400"><mx:subfield code="a">Kleanthēs,</mx:subfield><mx:subfield code="d">331-232 B.C.</mx:subfield></mx:datafield><mx:datafield ind1=" " ind2=" " tag="667"><mx:subfield code="a">Data provided by the ESTC/BL</mx:subfield></mx:datafield><mx:datafield ind1=" " ind2=" " tag="670"><mx:subfield code="a">Epictetus. Epiktētou Encheiridion, Kēbētos Pinax, Prodikou Hēraklēs, kai Kleanthous Hymnos, 1744.</mx:subfield></mx:datafield><mx:datafield ind1=" " ind2=" " tag="670"><mx:subfield code="a">NUC pre-56</mx:subfield><mx:subfield code="b">(Cleanthes, the Stoic)</mx:subfield></mx:datafield><mx:datafield ind1=" " ind2=" " tag="670"><mx:subfield code="a">Hammond, N. The Oxford classical dictionary, 1970</mx:subfield><mx:subfield code="b">(Cleanthes, 331-232 B.C.)</mx:subfield></mx:datafield><mx:datafield ind1=" " ind2=" " tag="999"><mx:subfield code="a">1155</mx:subfield></mx:datafield></mx:record>